<?xml version="1.0" encoding="UTF-8"?>
<alto xmlns:xsi="http://www.w3.org/2001/XMLSchema-instance"
      xmlns="http://www.loc.gov/standards/alto/ns-v4#"
      xsi:schemaLocation="http://www.loc.gov/standards/alto/ns-v4# http://www.loc.gov/standards/alto/v4/alto-4-2.xsd">
  <Description>
    <MeasurementUnit>pixel</MeasurementUnit>
    <sourceImageInformation>
      <fileName>324_009_R_TC_46.jpeg</fileName>
      
    </sourceImageInformation>
  </Description>
  
  <Tags>
    <OtherTag ID="BT1504" LABEL="QuireMarksZone" DESCRIPTION="block type QuireMarksZone"/><OtherTag ID="BT1500" LABEL="MainZone" DESCRIPTION="block type MainZone"/><OtherTag ID="BT1501" LABEL="NumberingZone" DESCRIPTION="block type NumberingZone"/><OtherTag ID="BT1503" LABEL="RunningTitleZone" DESCRIPTION="block type RunningTitleZone"/><OtherTag ID="BT1505" LABEL="GraphicZone" DESCRIPTION="block type GraphicZone"/><OtherTag ID="BT1507" LABEL="MarginTextZone" DESCRIPTION="block type MarginTextZone"/><OtherTag ID="BT1508" LABEL="DropCapitalZone" DESCRIPTION="block type DropCapitalZone"/>
    <OtherTag ID="LT558" LABEL="DefaultLine" DESCRIPTION="line type DefaultLine"/><OtherTag ID="LT559" LABEL="HeadingLine" DESCRIPTION="line type HeadingLine"/>
  </Tags>
  
  <Layout>
    <Page WIDTH="5386"
          HEIGHT="8178"
          PHYSICAL_IMG_NR="16"
          ID="eSc_dummypage_">
      <PrintSpace HPOS="0"
                  VPOS="0"
                  WIDTH="5386"
                  HEIGHT="8178">
        
        <TextBlock HPOS="351"
                   VPOS="1054"
                   WIDTH="1627"
                   HEIGHT="4863"
                   ID="eSc_textblock_3c7ab14c"
                   TAGREFS="BT1500">
          <Shape><Polygon POINTS="351 1054 351 5917 1978 5917 1978 1054"/></Shape>
          
          
          <TextLine ID="eSc_line_f2cce23c"
                    TAGREFS="LT558"
                    BASELINE="368 1247 1915 1226" 
                    HPOS="361"
                    VPOS="1042"
                    WIDTH="1554"
                    HEIGHT="239">
            <Shape><Polygon POINTS="1861 1056 1793 1056 1724 1056 1656 1056 1622 1049 627 1042 565 1056 497 1069 429 1090 361 1104 368 1247 368 1281 1908 1274 1915 1226 1902 1056 1861 1056"/></Shape>
	    <String CONTENT="duit. en ioie et delit sens"
                    HPOS="361"
                    VPOS="1042"
                    WIDTH="1554"
                    HEIGHT="239"></String>
          </TextLine>

          
          
          <TextLine ID="eSc_line_4ca8ea1d"
                    TAGREFS="LT558"
                    BASELINE="374 1444 1963 1431" 
                    HPOS="368"
                    VPOS="1226"
                    WIDTH="1595"
                    HEIGHT="252">
            <Shape><Polygon POINTS="1868 1233 1799 1233 1745 1233 368 1274 374 1444 374 1478 1956 1458 1963 1431 1943 1226 1868 1226 1868 1233"/></Shape>
	    <String CONTENT="aucune aduersite. Qui est"
                    HPOS="368"
                    VPOS="1226"
                    WIDTH="1595"
                    HEIGHT="252"></String>
          </TextLine>

          
          
          <TextLine ID="eSc_line_3623a373"
                    TAGREFS="LT558"
                    BASELINE="368 1656 2004 1621" 
                    HPOS="361"
                    VPOS="1458"
                    WIDTH="1643"
                    HEIGHT="232">
            <Shape><Polygon POINTS="368 1656 368 1690 2004 1690 2004 1621 1983 1458 361 1485 368 1656"/></Shape>
	    <String CONTENT="celi le quel aucun domage."
                    HPOS="361"
                    VPOS="1458"
                    WIDTH="1643"
                    HEIGHT="232"></String>
          </TextLine>

          
          
          <TextLine ID="eSc_line_a3e33e0f"
                    TAGREFS="LT558"
                    BASELINE="381 1874 1997 1840" 
                    HPOS="374"
                    VPOS="1649"
                    WIDTH="1623"
                    HEIGHT="279">
            <Shape><Polygon POINTS="381 1874 381 1901 1336 1928 1343 1928 1349 1928 1458 1887 1561 1915 1568 1915 1574 1915 1997 1860 1997 1840 1983 1676 1022 1649 1015 1649 688 1690 511 1662 504 1662 497 1662 374 1703 381 1874"/></Shape>
	    <String CONTENT="offense et desplaisence. ou"
                    HPOS="374"
                    VPOS="1649"
                    WIDTH="1623"
                    HEIGHT="279"></String>
          </TextLine>

          
          
          <TextLine ID="eSc_line_202cb8d6"
                    TAGREFS="LT558"
                    BASELINE="368 2085 1990 2058" 
                    HPOS="361"
                    VPOS="1880"
                    WIDTH="1629"
                    HEIGHT="273">
            <Shape><Polygon POINTS="368 2085 368 2153 1990 2112 1990 2058 1970 1880 361 1901 368 2085"/></Shape>
	    <String CONTENT="aucune passion nesmeuue"
                    HPOS="361"
                    VPOS="1880"
                    WIDTH="1629"
                    HEIGHT="273"></String>
          </TextLine>

          
          
          <TextLine ID="eSc_line_9f7473a6"
                    TAGREFS="LT558"
                    BASELINE="361 2276 1922 2262" 
                    HPOS="354"
                    VPOS="2092"
                    WIDTH="1568"
                    HEIGHT="252">
            <Shape><Polygon POINTS="361 2276 361 2344 1915 2337 1922 2262 1902 2092 354 2092 361 2276"/></Shape>
	    <String CONTENT="en aucun temps. Qui est"
                    HPOS="354"
                    VPOS="2092"
                    WIDTH="1568"
                    HEIGHT="252"></String>
          </TextLine>

          
          
          <TextLine ID="eSc_line_14d8e07b"
                    TAGREFS="LT558"
                    BASELINE="361 2480 1983 2460" 
                    HPOS="354"
                    VPOS="2296"
                    WIDTH="1629"
                    HEIGHT="232">
            <Shape><Polygon POINTS="361 2480 361 2528 1983 2528 1983 2460 1963 2296 354 2310 361 2480"/></Shape>
	    <String CONTENT="celi qui onques ne fu trou-"
                    HPOS="354"
                    VPOS="2296"
                    WIDTH="1629"
                    HEIGHT="232"></String>
          </TextLine>

          
          
          <TextLine ID="eSc_line_1c97a577"
                    TAGREFS="LT558"
                    BASELINE="354 2678 1949 2651" 
                    HPOS="347"
                    VPOS="2480"
                    WIDTH="1602"
                    HEIGHT="252">
            <Shape><Polygon POINTS="354 2678 354 2732 1949 2712 1949 2651 1929 2480 347 2501 354 2678"/></Shape>
	    <String CONTENT="blez de chose que il oist que"
                    HPOS="347"
                    VPOS="2480"
                    WIDTH="1602"
                    HEIGHT="252"></String>
          </TextLine>

          
          
          <TextLine ID="eSc_line_306f97f4"
                    TAGREFS="LT558"
                    BASELINE="368 2862 1888 2848" 
                    HPOS="361"
                    VPOS="2685"
                    WIDTH="1527"
                    HEIGHT="252">
            <Shape><Polygon POINTS="368 2862 368 2930 1036 2937 1043 2937 1049 2937 1056 2937 1063 2930 1124 2896 1874 2923 1888 2848 1868 2685 361 2691 368 2862"/></Shape>
	    <String CONTENT="il ueist. que en li deist. ou"
                    HPOS="361"
                    VPOS="2685"
                    WIDTH="1527"
                    HEIGHT="252"></String>
          </TextLine>

          
          
          <TextLine ID="eSc_line_aa19cb19"
                    TAGREFS="LT558"
                    BASELINE="368 3073 1956 3053" 
                    HPOS="361"
                    VPOS="2855"
                    WIDTH="1595"
                    HEIGHT="273">
            <Shape><Polygon POINTS="1111 2862 1043 2862 974 2862 906 2862 879 2862 361 2903 368 3073 368 3128 1956 3107 1956 3053 1943 2862 1159 2855 1111 2862"/></Shape>
	    <String CONTENT="que en li feist. ¶Veritez est"
                    HPOS="361"
                    VPOS="2855"
                    WIDTH="1595"
                    HEIGHT="273"></String>
          </TextLine>

          
          
          <TextLine ID="eSc_line_8fcc55d9"
                    TAGREFS="LT558"
                    BASELINE="361 3271 1908 3257" 
                    HPOS="354"
                    VPOS="3080"
                    WIDTH="1554"
                    HEIGHT="259">
            <Shape><Polygon POINTS="361 3271 361 3332 1895 3339 1908 3257 1888 3080 354 3094 361 3271"/></Shape>
	    <String CONTENT="que touz iours apres hu"
                    HPOS="354"
                    VPOS="3080"
                    WIDTH="1554"
                    HEIGHT="259"></String>
          </TextLine>

          
          
          <TextLine ID="eSc_line_dc874831"
                    TAGREFS="LT558"
                    BASELINE="368 3475 1949 3475" 
                    HPOS="368"
                    VPOS="3305"
                    WIDTH="1581"
                    HEIGHT="225">
            <Shape><Polygon POINTS="368 3475 368 3530 1949 3523 1949 3475 1949 3305 368 3305 368 3475"/></Shape>
	    <String CONTENT="meĩne ioie et leeice. sensuit"
                    HPOS="368"
                    VPOS="3305"
                    WIDTH="1581"
                    HEIGHT="225"></String>
          </TextLine>

          
          
          <TextLine ID="eSc_line_41d25d2b"
                    TAGREFS="LT558"
                    BASELINE="361 3680 1908 3659" 
                    HPOS="354"
                    VPOS="3489"
                    WIDTH="1554"
                    HEIGHT="245">
            <Shape><Polygon POINTS="361 3680 361 3720 1902 3734 1908 3659 1895 3496 354 3489 361 3680"/></Shape>
	    <String CONTENT="doleur aduersite et tristece."
                    HPOS="354"
                    VPOS="3489"
                    WIDTH="1554"
                    HEIGHT="245"></String>
          </TextLine>

          
          
          <TextLine ID="eSc_line_eefe2374"
                    TAGREFS="LT558"
                    BASELINE="354 3877 1874 3864" 
                    HPOS="347"
                    VPOS="3686"
                    WIDTH="1527"
                    HEIGHT="253">
            <Shape><Polygon POINTS="354 3877 354 3939 1868 3904 1874 3864 1854 3686 347 3686 354 3877"/></Shape>
	    <String CONTENT="Bien le sauoit et esproue"
                    HPOS="347"
                    VPOS="3686"
                    WIDTH="1527"
                    HEIGHT="253"></String>
          </TextLine>

          
          
          <TextLine ID="eSc_line_eb5fdcf1"
                    TAGREFS="LT558"
                    BASELINE="354 4068 1929 4068" 
                    HPOS="354"
                    VPOS="3898"
                    WIDTH="1575"
                    HEIGHT="218">
            <Shape><Polygon POINTS="354 4068 354 4116 1929 4116 1929 4068 1929 3904 354 3898 354 4068"/></Shape>
	    <String CONTENT="lauoit le sage roy Salo-"
                    HPOS="354"
                    VPOS="3898"
                    WIDTH="1575"
                    HEIGHT="218"></String>
          </TextLine>

          
          
          <TextLine ID="eSc_line_5f3c24d6"
                    TAGREFS="LT558"
                    BASELINE="361 4273 1902 4259" 
                    HPOS="354"
                    VPOS="4089"
                    WIDTH="1548"
                    HEIGHT="252">
            <Shape><Polygon POINTS="361 4273 361 4341 1895 4341 1902 4259 1881 4089 354 4095 361 4273"/></Shape>
	    <String CONTENT="mon. qui disoit en son li-"
                    HPOS="354"
                    VPOS="4089"
                    WIDTH="1548"
                    HEIGHT="252"></String>
          </TextLine>

          
          
          <TextLine ID="eSc_line_41a5403b"
                    TAGREFS="LT558"
                    BASELINE="368 4477 1908 4463" 
                    HPOS="361"
                    VPOS="4300"
                    WIDTH="1547"
                    HEIGHT="231">
            <Shape><Polygon POINTS="368 4477 368 4504 1902 4531 1908 4463 1888 4300 361 4307 368 4477"/></Shape>
	    <String CONTENT="ure qui est apelez prouer"
                    HPOS="361"
                    VPOS="4300"
                    WIDTH="1547"
                    HEIGHT="231"></String>
          </TextLine>

          
          
          <TextLine ID="eSc_line_7daa4554"
                    TAGREFS="LT558"
                    BASELINE="376 4670 1861 4688" 
                    HPOS="368"
                    VPOS="4470"
                    WIDTH="1486"
                    HEIGHT="286">
            <Shape><Polygon POINTS="647 4470 579 4470 511 4470 443 4470 374 4470 374 4668 368 4715 695 4756 702 4756 1847 4743 1854 4681 1847 4497 668 4470 647 4470"/></Shape>
	    <String CONTENT="bes. Risus dolore misce"
                    HPOS="368"
                    VPOS="4470"
                    WIDTH="1486"
                    HEIGHT="286"></String>
          </TextLine>

          
          
          <TextLine ID="eSc_line_982ddbb3"
                    TAGREFS="LT558"
                    BASELINE="354 4886 1840 4872" 
                    HPOS="347"
                    VPOS="4702"
                    WIDTH="1493"
                    HEIGHT="259">
            <Shape><Polygon POINTS="354 4886 354 4961 1833 4940 1840 4872 1820 4702 347 4709 354 4886"/></Shape>
	    <String CONTENT="bitur. Cest a dire. que ris"
                    HPOS="347"
                    VPOS="4702"
                    WIDTH="1493"
                    HEIGHT="259"></String>
          </TextLine>

          
          
          <TextLine ID="eSc_line_4ab9b35f"
                    TAGREFS="LT558"
                    BASELINE="354 5077 1963 5063" 
                    HPOS="347"
                    VPOS="4879"
                    WIDTH="1616"
                    HEIGHT="273">
            <Shape><Polygon POINTS="354 5077 354 5111 777 5152 784 5152 1963 5111 1963 5063 1943 4879 347 4906 354 5077"/></Shape>
	    <String CONTENT="ioie et consolacion est mes-"
                    HPOS="347"
                    VPOS="4879"
                    WIDTH="1616"
                    HEIGHT="273"></String>
          </TextLine>

          
          
          <TextLine ID="eSc_line_62f13be4"
                    TAGREFS="LT558"
                    BASELINE="361 5274 1902 5261" 
                    HPOS="354"
                    VPOS="5083"
                    WIDTH="1548"
                    HEIGHT="246">
            <Shape><Polygon POINTS="361 5274 361 5329 1895 5315 1902 5261 1881 5083 354 5104 361 5274"/></Shape>
	    <String CONTENT="lee en doleur tristece et deso-"
                    HPOS="354"
                    VPOS="5083"
                    WIDTH="1548"
                    HEIGHT="246"></String>
          </TextLine>

          
          
          <TextLine ID="eSc_line_f142352a"
                    TAGREFS="LT558"
                    BASELINE="354 5458 1943 5458" 
                    HPOS="354"
                    VPOS="5274"
                    WIDTH="1589"
                    HEIGHT="266">
            <Shape><Polygon POINTS="354 5458 354 5540 1943 5513 1943 5458 1936 5274 354 5288 354 5458"/></Shape>
	    <String CONTENT="lacion. et a la fin de ioie ist"
                    HPOS="354"
                    VPOS="5274"
                    WIDTH="1589"
                    HEIGHT="266"></String>
          </TextLine>

          
          
          <TextLine ID="eSc_line_c8996a92"
                    TAGREFS="LT558"
                    BASELINE="361 5656 1963 5656" 
                    HPOS="361"
                    VPOS="5492"
                    WIDTH="1602"
                    HEIGHT="259">
            <Shape><Polygon POINTS="361 5656 361 5704 572 5745 579 5751 1820 5751 1820 5745 1827 5745 1963 5704 1963 5656 1963 5499 361 5492 361 5656"/></Shape>
	    <String CONTENT="tristece et pleur. quar soub-"
                    HPOS="361"
                    VPOS="5492"
                    WIDTH="1602"
                    HEIGHT="259"></String>
          </TextLine>

          
          
          <TextLine ID="eSc_line_a8bc6a6d"
                    TAGREFS="LT558"
                    BASELINE="347 5847 1908 5874" 
                    HPOS="340"
                    VPOS="5663"
                    WIDTH="1568"
                    HEIGHT="327">
            <Shape><Polygon POINTS="1861 5717 1452 5670 1445 5670 640 5697 538 5663 484 5663 402 5690 347 5833 347 5847 340 5929 538 5976 545 5976 552 5976 668 5942 702 5935 729 5949 811 5983 818 5983 824 5990 1049 5990 1049 5983 1056 5983 1063 5983 1090 5963 1131 5942 1895 5990 1908 5874 1902 5854 1861 5717"/></Shape>
	    <String CONTENT="deĩnement. quant pas ny"
                    HPOS="340"
                    VPOS="5663"
                    WIDTH="1568"
                    HEIGHT="327"></String>
          </TextLine>

          
        </TextBlock>
        
        <TextBlock HPOS="1774"
                   VPOS="392"
                   WIDTH="686"
                   HEIGHT="237"
                   ID="eSc_textblock_508e1431"
                   TAGREFS="BT1503">
          <Shape><Polygon POINTS="1774 392 1774 629 2223 629 2460 629 2460 392"/></Shape>
          
          
          <TextLine ID="eSc_line_e6ddf40f"
                    TAGREFS="LT558"
                    BASELINE="1779 565 2461 565" 
                    HPOS="1779"
                    VPOS="381"
                    WIDTH="682"
                    HEIGHT="348">
            <Shape><Polygon POINTS="2393 552 2324 558 2256 558 2188 558 2140 436 2052 381 2052 381 1983 381 1915 381 1847 388 1779 402 1779 565 1779 640 1902 688 1908 688 1915 688 2018 674 2154 647 2202 695 2229 715 2229 722 2236 722 2243 722 2249 729 2461 729 2461 565 2454 552 2393 552"/></Shape>
	    <String CONTENT="humaĩne"
                    HPOS="1779"
                    VPOS="381"
                    WIDTH="682"
                    HEIGHT="348"></String>
          </TextLine>

          
        </TextBlock>
        
        <TextBlock HPOS="2313"
                   VPOS="1071"
                   WIDTH="1643"
                   HEIGHT="4830"
                   ID="eSc_textblock_9fee0e04"
                   TAGREFS="BT1500">
          <Shape><Polygon POINTS="2313 1071 2313 5901 3956 5901 3956 1071"/></Shape>
          
          
          <TextLine ID="eSc_line_98bb9cb0"
                    TAGREFS="LT558"
                    BASELINE="2318 1253 3961 1233" 
                    HPOS="2311"
                    VPOS="1090"
                    WIDTH="1650"
                    HEIGHT="232">
            <Shape><Polygon POINTS="3879 1110 3811 1110 3742 1110 3674 1110 3606 1110 3538 1104 3470 1104 3402 1104 3333 1104 3265 1104 3197 1104 3129 1097 3061 1097 2992 1097 2924 1097 2856 1097 2788 1097 2720 1097 2672 1090 2311 1090 2318 1253 2318 1322 2856 1281 2965 1301 3033 1315 3040 1315 3838 1308 3845 1308 3961 1267 3961 1233 3940 1110 3879 1110"/></Shape>
	    <String CONTENT="pensons. ne garde ne nous"
                    HPOS="2311"
                    VPOS="1090"
                    WIDTH="1650"
                    HEIGHT="232"></String>
          </TextLine>

          
          
          <TextLine ID="eSc_line_fb73ac91"
                    TAGREFS="LT558"
                    BASELINE="2324 1437 3913 1437" 
                    HPOS="2324"
                    VPOS="1253"
                    WIDTH="1589"
                    HEIGHT="239">
            <Shape><Polygon POINTS="2324 1437 2324 1492 3913 1485 3913 1437 3906 1253 2324 1267 2324 1437"/></Shape>
	    <String CONTENT="donnons et de rien ne noꝰ"
                    HPOS="2324"
                    VPOS="1253"
                    WIDTH="1589"
                    HEIGHT="239"></String>
          </TextLine>

          
          
          <TextLine ID="eSc_line_e250c198"
                    TAGREFS="LT558"
                    BASELINE="2324 1649 3892 1635" 
                    HPOS="2318"
                    VPOS="1465"
                    WIDTH="1574"
                    HEIGHT="266">
            <Shape><Polygon POINTS="2324 1649 2324 1731 2502 1696 3879 1710 3892 1635 3879 1472 2318 1465 2324 1649"/></Shape>
	    <String CONTENT="doubtons uient un gͣnt"
                    HPOS="2318"
                    VPOS="1465"
                    WIDTH="1574"
                    HEIGHT="266"></String>
          </TextLine>

          
          
          <TextLine ID="eSc_line_80ac0d0e"
                    TAGREFS="LT558"
                    BASELINE="2331 1860 3940 1846" 
                    HPOS="2324"
                    VPOS="1649"
                    WIDTH="1616"
                    HEIGHT="245">
            <Shape><Polygon POINTS="2331 1860 2331 1894 3933 1894 3940 1846 3927 1683 3224 1649 3217 1649 3211 1649 3081 1683 2433 1656 2427 1656 2420 1656 2324 1690 2331 1860"/></Shape>
	    <String CONTENT="mechief. une maladie et"
                    HPOS="2324"
                    VPOS="1649"
                    WIDTH="1616"
                    HEIGHT="245"></String>
          </TextLine>

          
          
          <TextLine ID="eSc_line_143a661c"
                    TAGREFS="LT558"
                    BASELINE="2331 2064 3940 2064" 
                    HPOS="2331"
                    VPOS="1867"
                    WIDTH="1609"
                    HEIGHT="279">
            <Shape><Polygon POINTS="2331 2064 2331 2099 2556 2139 2563 2139 2570 2139 2645 2105 2877 2105 2911 2133 2911 2139 2917 2139 2924 2139 2931 2146 3292 2146 3292 2139 3299 2139 3306 2139 3361 2105 3811 2139 3817 2139 3824 2139 3940 2099 3940 2064 3940 1901 2331 1867 2331 2064"/></Shape>
	    <String CONTENT="souuent la mort que nũs"
                    HPOS="2331"
                    VPOS="1867"
                    WIDTH="1609"
                    HEIGHT="279"></String>
          </TextLine>

          
          
          <TextLine ID="eSc_line_3b9763b1"
                    TAGREFS="LT558"
                    BASELINE="2297 2262 3824 2269" 
                    HPOS="2283"
                    VPOS="2071"
                    WIDTH="1534"
                    HEIGHT="259">
            <Shape><Polygon POINTS="2290 2255 2283 2289 2618 2330 2624 2330 3811 2303 3817 2262 3811 2085 2290 2071 2290 2255"/></Shape>
	    <String CONTENT="ne puet fuir ne eschaper."
                    HPOS="2283"
                    VPOS="2071"
                    WIDTH="1534"
                    HEIGHT="259"></String>
          </TextLine>

          
          
          <TextLine ID="eSc_line_cd303c05"
                    TAGREFS="LT558"
                    BASELINE="2297 2480 3939 2468" 
                    HPOS="2283"
                    VPOS="2262"
                    WIDTH="1650"
                    HEIGHT="286">
            <Shape><Polygon POINTS="3715 2262 3661 2262 3606 2289 3599 2289 2283 2262 2290 2473 2290 2548 2502 2507 2870 2535 2999 2541 3006 2541 3927 2501 3933 2467 3920 2296 3722 2262 3715 2262"/></Shape>
	    <String CONTENT="¶Et pour tant disoit le sa-"
                    HPOS="2283"
                    VPOS="2262"
                    WIDTH="1650"
                    HEIGHT="286"></String>
          </TextLine>

          
          
          <TextLine ID="eSc_line_2c114c4f"
                    TAGREFS="LT558"
                    BASELINE="2324 2664 3940 2664" 
                    HPOS="2318"
                    VPOS="2501"
                    WIDTH="1615"
                    HEIGHT="231">
            <Shape><Polygon POINTS="2318 2657 2318 2732 2481 2698 2590 2726 2611 2732 2618 2732 2624 2732 3933 2691 3933 2657 3933 2501 2372 2501 2318 2657"/></Shape>
	    <String CONTENT="ge salomon en prouerbes."
                    HPOS="2318"
                    VPOS="2501"
                    WIDTH="1615"
                    HEIGHT="231"></String>
          </TextLine>

          
          
          <TextLine ID="eSc_line_8a1ef667"
                    
                    BASELINE="3956 2664 4424 2664" 
                    HPOS="3954"
                    VPOS="2392"
                    WIDTH="463"
                    HEIGHT="361">
            <Shape><Polygon POINTS="3954 2657 3954 2753 4417 2732 4417 2657 4411 2392 3954 2467 3954 2657"/></Shape>
	    <String CONTENT="c.xxuii."
                    HPOS="3954"
                    VPOS="2392"
                    WIDTH="463"
                    HEIGHT="361"></String>
          </TextLine>

          
          
          <TextLine ID="eSc_line_7ab13dae"
                    TAGREFS="LT558"
                    BASELINE="2297 2869 3906 2869" 
                    HPOS="2290"
                    VPOS="2664"
                    WIDTH="1609"
                    HEIGHT="300">
            <Shape><Polygon POINTS="3858 2664 3790 2664 3722 2664 3654 2664 3586 2664 3565 2664 2290 2685 2290 2862 2290 2964 3142 2964 3142 2957 3149 2957 3156 2957 3156 2950 3190 2923 3217 2896 3899 2896 3899 2862 3892 2664 3858 2664"/></Shape>
	    <String CONTENT="De glorieris in crastinũ"
                    HPOS="2290"
                    VPOS="2664"
                    WIDTH="1609"
                    HEIGHT="300"></String>
          </TextLine>

          
          
          <TextLine ID="eSc_line_54612ec9"
                    TAGREFS="LT558"
                    BASELINE="2318 3066 3927 3066" 
                    HPOS="2318"
                    VPOS="2875"
                    WIDTH="1609"
                    HEIGHT="266">
            <Shape><Polygon POINTS="2318 3066 2318 3141 3927 3134 3927 3066 3920 2875 2318 2910 2318 3066"/></Shape>
	    <String CONTENT="ignorans quid suꝑueniẽs"
                    HPOS="2318"
                    VPOS="2875"
                    WIDTH="1609"
                    HEIGHT="266"></String>
          </TextLine>

          
          
          <TextLine ID="eSc_line_495ac932"
                    TAGREFS="LT558"
                    BASELINE="2324 3257 3906 3257" 
                    HPOS="2324"
                    VPOS="3100"
                    WIDTH="1582"
                    HEIGHT="232">
            <Shape><Polygon POINTS="2324 3257 2324 3332 3906 3325 3906 3257 3906 3100 2324 3100 2324 3257"/></Shape>
	    <String CONTENT="pariat dies. Cest a dire. tu"
                    HPOS="2324"
                    VPOS="3100"
                    WIDTH="1582"
                    HEIGHT="232"></String>
          </TextLine>

          
          
          <TextLine ID="eSc_line_7db75b7b"
                    TAGREFS="LT558"
                    BASELINE="2318 3462 3899 3462" 
                    HPOS="2318"
                    VPOS="3284"
                    WIDTH="1581"
                    HEIGHT="246">
            <Shape><Polygon POINTS="2318 3462 2318 3496 3892 3530 3899 3462 3892 3284 2318 3284 2318 3462"/></Shape>
	    <String CONTENT="ne te doiz mie glorifier ne"
                    HPOS="2318"
                    VPOS="3284"
                    WIDTH="1581"
                    HEIGHT="246"></String>
          </TextLine>

          
          
          <TextLine ID="eSc_line_5c6cae99"
                    TAGREFS="LT558"
                    BASELINE="2324 3673 3947 3646" 
                    HPOS="2318"
                    VPOS="3468"
                    WIDTH="1629"
                    HEIGHT="225">
            <Shape><Polygon POINTS="3817 3468 3749 3468 3681 3468 3613 3468 3545 3468 3477 3468 3470 3468 3442 3482 3422 3489 2318 3468 2324 3673 2324 3693 3947 3680 3947 3646 3940 3489 3858 3468 3817 3468"/></Shape>
	    <String CONTENT="toy trop atendre et fier ou"
                    HPOS="2318"
                    VPOS="3468"
                    WIDTH="1629"
                    HEIGHT="225"></String>
          </TextLine>

          
          
          <TextLine ID="eSc_line_822cfbe6"
                    TAGREFS="LT558"
                    BASELINE="2318 3870 3879 3850" 
                    HPOS="2311"
                    VPOS="3686"
                    WIDTH="1568"
                    HEIGHT="239">
            <Shape><Polygon POINTS="2311 3748 2318 3870 2318 3925 3879 3898 3879 3850 3858 3686 2345 3700 2311 3748"/></Shape>
	    <String CONTENT="temps a auenir quar tu"
                    HPOS="2311"
                    VPOS="3686"
                    WIDTH="1568"
                    HEIGHT="239"></String>
          </TextLine>

          
          
          <TextLine ID="eSc_line_3e298181"
                    TAGREFS="LT558"
                    BASELINE="2331 4068 3947 4041" 
                    HPOS="2324"
                    VPOS="3870"
                    WIDTH="1623"
                    HEIGHT="280">
            <Shape><Polygon POINTS="2331 4068 2331 4150 3947 4109 3947 4041 3927 3870 2324 3898 2331 4068"/></Shape>
	    <String CONTENT="ne puez sauoir quel chose"
                    HPOS="2324"
                    VPOS="3870"
                    WIDTH="1623"
                    HEIGHT="280"></String>
          </TextLine>

          
          
          <TextLine ID="eSc_line_dc314d9b"
                    TAGREFS="LT558"
                    BASELINE="2324 4259 3872 4259" 
                    HPOS="2324"
                    VPOS="4082"
                    WIDTH="1548"
                    HEIGHT="252">
            <Shape><Polygon POINTS="2324 4259 2324 4300 3477 4334 3483 4334 3872 4286 3872 4259 3865 4082 2324 4095 2324 4259"/></Shape>
	    <String CONTENT="ten auenra. ¶Apres les"
                    HPOS="2324"
                    VPOS="4082"
                    WIDTH="1548"
                    HEIGHT="252"></String>
          </TextLine>

          
          
          <TextLine ID="eSc_line_df1f0705"
                    TAGREFS="LT558"
                    BASELINE="2324 4477 3967 4457" 
                    HPOS="2318"
                    VPOS="4259"
                    WIDTH="1649"
                    HEIGHT="279">
            <Shape><Polygon POINTS="3545 4266 3477 4266 3463 4266 3449 4273 3402 4300 3047 4293 2447 4273 2440 4273 2433 4273 2318 4313 2324 4477 2324 4504 2856 4538 2863 4538 3967 4491 3967 4457 3940 4259 3811 4293 3606 4273 3552 4266 3545 4266"/></Shape>
	    <String CONTENT="aduersitez qui nous uien"
                    HPOS="2318"
                    VPOS="4259"
                    WIDTH="1649"
                    HEIGHT="279"></String>
          </TextLine>

          
          
          <TextLine ID="eSc_line_ab024c6b"
                    TAGREFS="LT558"
                    BASELINE="2324 4675 3947 4661" 
                    HPOS="2318"
                    VPOS="4470"
                    WIDTH="1629"
                    HEIGHT="259">
            <Shape><Polygon POINTS="3402 4470 2318 4511 2324 4675 2324 4729 3940 4709 3947 4661 3933 4504 3408 4470 3402 4470"/></Shape>
	    <String CONTENT="nent de nous ne sont pas"
                    HPOS="2318"
                    VPOS="4470"
                    WIDTH="1629"
                    HEIGHT="259"></String>
          </TextLine>

          
          
          <TextLine ID="eSc_line_aa334aca"
                    TAGREFS="LT558"
                    BASELINE="2318 4879 3988 4852" 
                    HPOS="2311"
                    VPOS="4681"
                    WIDTH="1677"
                    HEIGHT="266">
            <Shape><Polygon POINTS="2318 4879 2318 4927 2849 4913 2999 4934 3108 4947 3115 4947 3252 4934 3558 4899 3592 4927 3592 4934 3599 4934 3606 4934 3613 4940 3981 4940 3988 4852 3974 4702 2311 4681 2318 4879"/></Shape>
	    <String CONTENT="seules. Mes en auons plu"
                    HPOS="2311"
                    VPOS="4681"
                    WIDTH="1677"
                    HEIGHT="266"></String>
          </TextLine>

          
          
          <TextLine ID="eSc_line_9198a2d2"
                    TAGREFS="LT558"
                    BASELINE="2318 5063 3858 5063" 
                    HPOS="2311"
                    VPOS="4886"
                    WIDTH="1541"
                    HEIGHT="245">
            <Shape><Polygon POINTS="2311 5056 2311 5131 3852 5111 3852 5056 3852 4893 2311 4886 2311 5056"/></Shape>
	    <String CONTENT="seurs autres qui nous"
                    HPOS="2311"
                    VPOS="4886"
                    WIDTH="1541"
                    HEIGHT="245"></String>
          </TextLine>

          
          
          <TextLine ID="eSc_line_f82002f3"
                    TAGREFS="LT558"
                    BASELINE="2318 5267 3858 5254" 
                    HPOS="2311"
                    VPOS="5097"
                    WIDTH="1547"
                    HEIGHT="218">
            <Shape><Polygon POINTS="2318 5267 2318 5308 3845 5315 3858 5254 3838 5097 2311 5104 2318 5267"/></Shape>
	    <String CONTENT="touchent mont souuent"
                    HPOS="2311"
                    VPOS="5097"
                    WIDTH="1547"
                    HEIGHT="218"></String>
          </TextLine>

          
          
          <TextLine ID="eSc_line_eca78523"
                    TAGREFS="LT558"
                    BASELINE="2324 5465 3886 5445" 
                    HPOS="2318"
                    VPOS="5267"
                    WIDTH="1568"
                    HEIGHT="266">
            <Shape><Polygon POINTS="2324 5465 2324 5499 2802 5533 2808 5533 2815 5533 2965 5499 2992 5492 3879 5492 3886 5445 3865 5267 2318 5302 2324 5465"/></Shape>
	    <String CONTENT="et tres grieues. de par noꝰ"
                    HPOS="2318"
                    VPOS="5267"
                    WIDTH="1568"
                    HEIGHT="266"></String>
          </TextLine>

          
          
          <TextLine ID="eSc_line_ca9f058d"
                    TAGREFS="LT558"
                    BASELINE="2324 5670 3886 5656" 
                    HPOS="2318"
                    VPOS="5465"
                    WIDTH="1568"
                    HEIGHT="286">
            <Shape><Polygon POINTS="2324 5670 2324 5751 3879 5724 3886 5656 3872 5499 3599 5465 3592 5465 2318 5499 2324 5670"/></Shape>
	    <String CONTENT="amis. Des quiex les mi"
                    HPOS="2318"
                    VPOS="5465"
                    WIDTH="1568"
                    HEIGHT="286"></String>
          </TextLine>

          
          
          <TextLine ID="eSc_line_1a4ac5a2"
                    TAGREFS="LT558"
                    BASELINE="2318 5874 3838 5874" 
                    HPOS="2318"
                    VPOS="5683"
                    WIDTH="1520"
                    HEIGHT="300">
            <Shape><Polygon POINTS="2658 5867 2590 5867 2522 5867 2454 5867 2386 5867 2338 5867 2318 5874 2318 5983 2597 5949 2658 5976 2672 5983 2679 5983 2686 5983 3381 5956 3640 5949 3647 5949 3708 5983 3715 5983 3722 5983 3729 5983 3838 5942 3838 5874 3838 5710 2870 5683 2863 5683 2740 5697 2733 5697 2727 5697 2727 5704 2706 5717 2658 5867"/></Shape>
	    <String CONTENT="seres et aduersitez nous"
                    HPOS="2318"
                    VPOS="5683"
                    WIDTH="1520"
                    HEIGHT="300"></String>
          </TextLine>

          
        </TextBlock>
        
        <TextBlock HPOS="2828"
                   VPOS="392"
                   WIDTH="474"
                   HEIGHT="278"
                   ID="eSc_textblock_7435cb98"
                   TAGREFS="BT1501">
          <Shape><Polygon POINTS="2828 392 2828 670 3302 670 3302 392"/></Shape>
          
          
          <TextLine ID="eSc_line_a4f4b43e"
                    TAGREFS="LT558"
                    BASELINE="2863 592 3238 606" 
                    HPOS="2856"
                    VPOS="463"
                    WIDTH="382"
                    HEIGHT="225">
            <Shape><Polygon POINTS="3217 497 3027 463 3020 463 2897 490 2863 579 2863 592 2856 640 3047 688 3054 688 3231 647 3238 606 3238 586 3217 497"/></Shape>
	    <String CONTENT=".ix."
                    HPOS="2856"
                    VPOS="463"
                    WIDTH="382"
                    HEIGHT="225"></String>
          </TextLine>

          
        </TextBlock>
        
        <TextBlock HPOS="16"
                   VPOS="4520"
                   WIDTH="352"
                   HEIGHT="220"
                   ID="eSc_textblock_388c27a3"
                   TAGREFS="BT1507">
          <Shape><Polygon POINTS="16 4520 16 4740 368 4740 368 4520"/></Shape>
          
          
          <TextLine ID="eSc_line_81418c16"
                    TAGREFS="LT558"
                    BASELINE="0 4667 343 4683" 
                    HPOS="0"
                    VPOS="4667"
                    WIDTH="343"
                    HEIGHT="16">
            
	    <String CONTENT=".ix."
                    HPOS="0"
                    VPOS="4667"
                    WIDTH="343"
                    HEIGHT="16"></String>
          </TextLine>

          
        </TextBlock>
        
        <TextBlock HPOS="3948"
                   VPOS="2485"
                   WIDTH="474"
                   HEIGHT="228"
                   ID="eSc_textblock_2a13d2bc"
                   TAGREFS="BT1507">
          <Shape><Polygon POINTS="3948 2485 3948 2713 4422 2713 4422 2485"/></Shape>
          
        </TextBlock>
        

        
      </PrintSpace>
    </Page>
  </Layout>
</alto>
