5194 8238
1490 1077 1629 261 ueons et esprouons souuẽt

1497 1297 1532 268 et mont nous tuichent

1497 1503 1601 254 au cuer et engendrent en

1497 1688 1574 254 nous grant tristece et do

1497 1894 1553 282 leur. O dit un docteur cõ

1497 2086 1677 254 ment sõmes nous angois-

1497 2313 1642 247 seusement trouble. dolereu

1497 2526 1519 240 sement espoente quant

1511 2704 1553 247 nous sentons les mes

1511 2903 1532 268 chiez et les domages de

1511 3075 1628 275 nos amis. qͣnt nons ueõs

1511 3302 1608 267 nos parenz et prochiens

1511 3487 1546 268 estre en peril. et nous sõ

1511 3686 1635 261 mes en doubte de leur pe

1511 3885 1553 275 ril. Qui est celi qui a le

1525 4112 1491 226 cuer et la uolente tant

1525 4290 1559 282 dure. cõme est pierre fer

1525 4524 1614 240 ou acier. qui nest esmeuz

1525 4723 1573 240 a plorer soupirer et lar

1525 4915 1607 226 moyer. quant de son pro

1525 5114 1539 240 chien parent ou ami il

1532 5292 1600 282 uoit la mort ou la grief

1538 5485 1588 274 maladie. ¶Nostre sau-

1532 5718 1559 316 veeur lh̾s selonc ce que

2995 384 1292 268 aduersite humainne

3476 1098 1573 240 il est escript en leuuangile

3448 1276 1594 248 saint Iehan quant il uit

3462 1489 1560 247 marie magdalene plorãt

3455 1695 1580 240 pour la mort de son ferere.

3476 1881 1511 281 ne se contint point que

3483 2073 1552 302 il ne plorast. Infremuit

3476 2286 1587 281 spiritu turbauit semetip̃m

3469 2505 1580 241 et lacrimatus est. Ne nest

3483 2711 1532 240 pas a entendre que il plo

3483 2903 1477 268 rast seulement pour la

3483 3116 1539 240 mort du ladre. Mes prin

3490 3308 1470 254 cipaument pour ce que

3497 3528 1477 240 celi qui mort estoit. aus

3503 3713 1519 248 miseres de ceste uie presen

3503 3906 1519 247 te il rapeloit et reuenir fei

3503 4077 1505 296 soir. ¶Et a declarer plus

3517 4318 1464 247 aꝑtement lauersite de ce

3503 4517 1484 261 monde. esprouons nous

3503 4709 1526 254 aucune forz que le temps.

3510 4922 1512 233 qui pour reposer nous est

3510 5100 1484 261 donnez. cest a sauoir qͣnt

3510 5292 1519 282 nous dormons. Ne nous

3503 5505 1464 241 est pas de repos. Mes de

3510 5704 1512 330 travail et de labeur. quar
