5314 8214
1444 1074 1555 267 metre. Le quel liuret puet

1424 1266 1548 287 estre apele le mireour des

1417 1485 1650 260 dames: a fin que elle sache

1431 1711 1636 226 uoaier et considerer cõment

1424 1902 1616 240 toute tache ostee de sa con-

1417 2115 1609 232 science. puisse estre bien or

1417 2306 1616 233 donnee a dieu et a ce que a

1417 2498 1596 260 li apartient. Et cõment ou

1417 2717 1589 253 gouuernement de sa ꝑson

1417 2895 1664 240 ne. de son ostel et de ses soub

1417 3093 1548 281 giez elle se doit auoir. Et

1390 3299 1725 260 cõment auec touz senz nule

1431 3525 1554 232 reprehension doit honeste-

1417 3716 1589 240 ment conuerser. Et apres

1424 3908 1568 240 par quels merites puisse

1424 4079 1630 267 uenir a pardurable gloire.

1431 4305 1636 226 et sens fin auec le souue-

1424 4490 1643 267 rain roy regner. Ci est mis

1424 4695 1671 233 le fondement de leuure ensui-

2266 4901 822 239 alomons -ent

2266 5120 726 232 qui fu de sa-

2266 5298 767 253 pience par le

2266 5489 699 267 don de dieu

1417 5695 1644 287 clerement enluminez en .i.

2965 438 547 369 Le proces

3423 1067 1548 288 sien luire qui est apelez pro-

3423 1307 1507 287 uerbes dit en tel maniere.

3430 1499 1493 267 Sapiens mulier edifi-

3423 1677 1534 294 cat domum suam. ¶Une

3417 1902 1588 267 chacune creature de sa con-

3410 2108 1554 267 dicion naturele. qui li est

3410 2320 1602 233 de dieu empreinte et dõnee.

3403 2512 1589 219 desierre la conseruacion de

3410 2710 1582 233 son estre. tent naturelmẽt

3410 2888 1554 281 au lieu ou elle est gardee et

3403 3107 1589 260 sauuee. ⁊ q̃nt elle uient au

3403 3312 1541 240 lieu de sa ꝯseruacion; illeuc

3403 3497 1568 274 prãt son ropos. Ce ueons noꝰ

3403 3716 1561 233 cleremẽt ⁊ aꝑtemet en bestes

3410 3922 1568 226 mues qͥ quierent leur fosses

3410 4127 1582 233 et leur tanieres pour habi-

3410 4305 1561 253 ter et reposer. Et les oyse-

3403 4504 1589 246 aus du ciel ueons nous

3403 4695 1602 274 leur niz par grant et mer-

3410 4887 1582 239 ueilleus artifice feire et ede

3396 5092 1678 288 fier. Ainsi le dit nostre sau-

3403 5332 1589 212 ueeur en leuuangile saint

3396 5489 1602 295 luc. Uulpes foueas habẽt

3389 5708 1534 322 et uolucres et .c̾. Et dauid

5081 1786 205 226 .c.xiiii.

5012 5298 199 431 .c.ix.
